<record><leader>00000cas a2200000 a 4500</leader><controlfield tag="001">5347494</controlfield><controlfield tag="008">790906d18751962txusr ne      0   b0spa c</controlfield><datafield ind1=" " ind2=" " tag="010"><subfield code="a">sn 87090041 </subfield></datafield><datafield ind1=" " ind2=" " tag="040"><subfield code="a">IXA</subfield><subfield code="b">eng</subfield><subfield code="c">IXA</subfield><subfield code="d">BTI</subfield><subfield code="d">PPM</subfield><subfield code="d">NST</subfield><subfield code="d">NVM</subfield><subfield code="d">OCLCF</subfield><subfield code="d">OCLCO</subfield><subfield code="d">IUL</subfield><subfield code="d">TXP</subfield></datafield><datafield ind1=" " ind2=" " tag="019"><subfield code="a">36154412</subfield></datafield><datafield ind1="1" ind2=" " tag="029"><subfield code="a">AU@</subfield><subfield code="b">000025820243</subfield></datafield><datafield ind1=" " ind2=" " tag="042"><subfield code="a">pcc</subfield></datafield><datafield ind1=" " ind2=" " tag="043"><subfield code="a">n-us-nm</subfield><subfield code="a">n-us-tx</subfield></datafield><datafield ind1=" " ind2="4" tag="050"><subfield code="a">BX805</subfield><subfield code="b">.R486</subfield></datafield><datafield ind1="0" ind2="0" tag="245"><subfield code="a">Revista cato&#769;lica.</subfield></datafield><datafield ind1=" " ind2=" " tag="260"><subfield code="a">Las Vegas, N.M. :</subfield><subfield code="b">Imprensa del Ri&#769;o Grande,</subfield></datafield><datafield ind1=" " ind2=" " tag="300"><subfield code="a">volumes</subfield></datafield><datafield ind1=" " ind2=" " tag="310"><subfield code="a">Semimonthly,</subfield><subfield code="b">Jan. 4, 1953-Sept. 16, 1962</subfield></datafield><datafield ind1=" " ind2=" " tag="321"><subfield code="a">Weekly,</subfield><subfield code="b">Jan. 2, 1875-Dec. 28, 1952</subfield></datafield><datafield ind1="0" ind2=" " tag="362"><subfield code="a">An&#771;o 1, nu&#769;m. 1 (2 de enero de 1875)-v. 87, no. 14 (16 de sept., 1962).</subfield></datafield><datafield ind1=" " ind2=" " tag="500"><subfield code="a">Published in Las Vegas, New Mexico, 1875-1918 ; published in El Paso, Texas, 1918-1962.</subfield></datafield><datafield ind1=" " ind2=" " tag="500"><subfield code="a">Later published by Revista Press.</subfield></datafield><datafield ind1=" " ind2=" " tag="500"><subfield code="a">Titles in English: Spanish national weekly (1918-1920) ; Spanish international weekly (1921-1952) ; Spanish international semi-monthly (1955-1962). This information was taken from city directories for the City of El Paso, Texas.</subfield></datafield><datafield ind1=" " ind2=" " tag="500"><subfield code="a">"Semanario internacional hispano-americano."</subfield></datafield><datafield ind1="2" ind2="0" tag="610"><subfield code="a">Catholic Church</subfield><subfield code="z">Texas</subfield><subfield code="v">Newspapers.</subfield></datafield><datafield ind1="2" ind2="0" tag="610"><subfield code="a">Catholic Church</subfield><subfield code="z">New Mexico</subfield><subfield code="v">Newspapers.</subfield></datafield><datafield ind1="2" ind2="0" tag="610"><subfield code="a">Catholic Church</subfield><subfield code="v">Newspapers.</subfield></datafield><datafield ind1="2" ind2="7" tag="610"><subfield code="a">Catholic Church.</subfield><subfield code="2">fast</subfield><subfield code="0">(OCoLC)fst00531720</subfield></datafield><datafield ind1=" " ind2="7" tag="651"><subfield code="a">New Mexico.</subfield><subfield code="2">fast</subfield><subfield code="0">(OCoLC)fst01204269</subfield></datafield><datafield ind1=" " ind2="7" tag="651"><subfield code="a">Texas.</subfield><subfield code="2">fast</subfield><subfield code="0">(OCoLC)fst01210336</subfield></datafield><datafield ind1=" " ind2="7" tag="655"><subfield code="a">Newspapers.</subfield><subfield code="2">fast</subfield><subfield code="0">(OCoLC)fst01423814</subfield></datafield><datafield ind1="2" ind2="4" tag="610"><subfield code="a">Iglesia Cato&#769;lica</subfield><subfield code="z">Nuevo Me&#769;xico</subfield><subfield code="z">Las Vegas</subfield><subfield code="x">Revistas.</subfield></datafield><datafield ind1="2" ind2="4" tag="610"><subfield code="a">Iglesia Cato&#769;lica</subfield><subfield code="z">Texas</subfield><subfield code="z">El Paso</subfield><subfield code="x">Revistas.</subfield></datafield><datafield ind1="2" ind2="4" tag="610"><subfield code="a">Iglesia Cato&#769;lica</subfield><subfield code="x">Revistas.</subfield></datafield><datafield ind1="2" ind2=" " tag="710"><subfield code="a">Ignatian Society of Texas.</subfield></datafield><datafield ind1=" " ind2=" " tag="752"><subfield code="a">United States</subfield><subfield code="b">Texas</subfield><subfield code="c">El Paso</subfield><subfield code="d">El Paso.</subfield></datafield><datafield ind1=" " ind2=" " tag="752"><subfield code="a">United States</subfield><subfield code="b">New Mexico</subfield><subfield code="c">San Miguel</subfield><subfield code="d">Las Vegas.</subfield></datafield><datafield ind1="0" ind2="8" tag="776"><subfield code="i">Online version:</subfield><subfield code="t">Revista cato&#769;lica</subfield><subfield code="w">(OCoLC)742062553</subfield></datafield><datafield ind1="0" ind2="4" tag="785"><subfield code="t">Mensajero del Corazo&#769;n de Jesu&#769;s</subfield><subfield code="w">(OCoLC)6682871</subfield></datafield><datafield ind1=" " ind2=" " tag="850"><subfield code="a">MoSU</subfield></datafield><datafield ind1=" " ind2=" " tag="936"><subfield code="a">INC</subfield><subfield code="a">16 de set., 1962</subfield></datafield></record>